@ARTICLE {tigerAnno,
    author   = "Albert, Stefanie and Anderssen, Jan and Bader, Regine and Becker, Stephanie and Bracht, Tobias and Brants, Sabine and Brants, Thorsten and Demberg, Vera and Dipper, Stefanie and Eisenberg, Peter and Hansen, Silvia and Hirschmann, Hagen and Janitzek, Juliane and Kirstein, Carolin and Langner, Robert and Michelbacher, Lukas and Plaehn, Oliver and Preis, Cordula and Pußel, Marcus and Rower, Marco and Schrader, Bettina and Schwartz, Anne and Smith, George and Uszkoreit, Hans",
    title    = "TIGER Annotationsschema",
    year     = "2003",
    month    = "jul",
    crossref = "http://www.ims.uni-stuttgart.de/forschung/ressourcen/korpora/TIGERCorpus/annotation/tiger_scheme-syntax.pdf"
}
@ONLINE {xiao2005,
    author = "Richard Xiao",
    title  = "Well-known and influential corpora: A survey",
    year   = "2005",
    url    = "http://www.lancaster.ac.uk/staff/xiaoz/papers/corpus%20survey.htm"
}
@ONLINE {imsWeb,
    url = "http://www.ims.uni-stuttgart.de/"
}
@ARTICLE {Gale1992,
    author   = "Gale, William and Church, Kenneth Ward and David, Yarowsky",
    title    = "Estimating Upper and Lower Bounds on the Performance of Word-Sense Disambiguation Programs",
    year     = "1992",
    crossref = "http://www.aclweb.org/anthology/P92-1032.pdf"
}
@ARTICLE {Charniak1993,
    author   = "Charniak, Eugene",
    title    = "Statistical language learning",
    year     = "1993",
    crossref = "https://arxiv.org/pdf/cmp-lg/9506019.pdf"
}
@ARTICLE {Marcus1993,
    author   = "Marcus, Mitchell P. and Santorini, Beatrice and Marcinkiewicz, Mary Ann",
    title    = "Building a Large Annotated Corpus of English: The Penn Treebank",
    year     = "1993",
    crossref = "http://www.aclweb.org/anthology/J/J93/J93-2004.pdf"
}
@ARTICLE {Voutilainen1995,
    author = "Voutilainen, Atro",
    year   = "1995"
}
@ONLINE {Brants2000,
    author = "Brants, Thorsten",
    title  = "TnT -- Statistical Part-of-Speech Tagging",
    year   = "2000",
    url    = "http://www.coli.uni-saarland.de/~thorsten/tnt/"
}
@ONLINE {aclwiki,
    author = "ACLWIKI",
    title  = "ACLWiki: POS-Tagging (State of the Art)",
    url    = "https://www.aclweb.org/aclwiki/index.php?title=POS_Tagging_(State_of_the_art)#WSJ"
}
@ARTICLE {Huang2015,
    author   = "Huang, Zhiheng and Xu, Wei and Yu, Kai",
    title    = "Bidirectional LSTM-CRF Models for Sequence Tagging",
    year     = "2015",
    crossref = "https://arxiv.org/abs/1508.01991"
}
@ARTICLE {Sogaard2011,
    author = "Søgaard, Anders",
    title  = "Semi-supervised condensed nearest neighbor for part-of-speech tagging",
    year   = "2011"
}